<?xml version="1.0" encoding="UTF-8"?>
  <record xmlns="http://www.loc.gov/MARC21/slim" type="Authority">
    <leader>00000nz  a2200000nc 4500</leader>
    <controlfield tag="001">115465669</controlfield>
    <controlfield tag="003">DE-101</controlfield>
    <controlfield tag="005">20180313111544.0</controlfield>
    <controlfield tag="008">970618n||aznnnaabn           | aaa    |c</controlfield>
    <datafield tag="024" ind1="7" ind2=" ">
      <subfield code="a">115465669</subfield>
      <subfield code="0">http://d-nb.info/gnd/115465669</subfield>
      <subfield code="2">gnd</subfield>
    </datafield>
    <datafield tag="035" ind1=" " ind2=" ">
      <subfield code="a">(DE-101)115465669</subfield>
    </datafield>
    <datafield tag="035" ind1=" " ind2=" ">
      <subfield code="a">(DE-588)115465669</subfield>
    </datafield>
    <datafield tag="035" ind1=" " ind2=" ">
      <subfield code="z">(DE-588a)115465669</subfield>
      <subfield code="9">v:zg</subfield>
    </datafield>
    <datafield tag="040" ind1=" " ind2=" ">
      <subfield code="a">DE-12</subfield>
      <subfield code="c">DE-12</subfield>
      <subfield code="9">r:DE-12</subfield>
      <subfield code="b">ger</subfield>
      <subfield code="d">0547</subfield>
    </datafield>
    <datafield tag="042" ind1=" " ind2=" ">
      <subfield code="a">gnd1</subfield>
    </datafield>
    <datafield tag="043" ind1=" " ind2=" ">
      <subfield code="c">XA-DE</subfield>
    </datafield>
    <datafield tag="075" ind1=" " ind2=" ">
      <subfield code="b">p</subfield>
      <subfield code="2">gndgen</subfield>
    </datafield>
    <datafield tag="075" ind1=" " ind2=" ">
      <subfield code="b">piz</subfield>
      <subfield code="2">gndspec</subfield>
    </datafield>
    <datafield tag="079" ind1=" " ind2=" ">
      <subfield code="a">g</subfield>
      <subfield code="q">a</subfield>
      <subfield code="q">f</subfield>
    </datafield>
    <datafield tag="100" ind1="1" ind2=" ">
      <subfield code="a">Ütterodt zu Scharffenberg, Barbara Elisabetha</subfield>
      <subfield code="d">1614-1649</subfield>
    </datafield>
    <datafield tag="400" ind1="1" ind2=" ">
      <subfield code="a">Utterodt zum Scharffenberg, Barbara Elisabetha &#152;von&#156;</subfield>
      <subfield code="d">1614-1649</subfield>
    </datafield>
    <datafield tag="400" ind1="1" ind2=" ">
      <subfield code="a">Scharfenberg, Barbara Elisabetha &#152;von&#156;</subfield>
      <subfield code="d">1614-1649</subfield>
    </datafield>
    <datafield tag="400" ind1="1" ind2=" ">
      <subfield code="a">Utterodt, Barbara Elisabetha &#152;von&#156;</subfield>
      <subfield code="d">1614-1649</subfield>
    </datafield>
    <datafield tag="400" ind1="1" ind2=" ">
      <subfield code="a">Utterod, Barbara Elisabetha &#152;von&#156;</subfield>
      <subfield code="d">1614-1649</subfield>
    </datafield>
    <datafield tag="400" ind1="1" ind2=" ">
      <subfield code="a">Uterot, Barbara Elisabetha &#152;a&#156;</subfield>
      <subfield code="d">1614-1649</subfield>
    </datafield>
    <datafield tag="400" ind1="1" ind2=" ">
      <subfield code="a">Utterodt zum Scharpffenberg, Barbara Elisabetha &#152;von&#156;</subfield>
      <subfield code="d">1614-1649</subfield>
      <subfield code="9">v:4ELRAKm</subfield>
    </datafield>
    <datafield tag="400" ind1="1" ind2=" ">
      <subfield code="a">Scharpffenberg, Barbara Elisabetha &#152;zu&#156;</subfield>
      <subfield code="d">1614-1649</subfield>
    </datafield>
    <datafield tag="400" ind1="1" ind2=" ">
      <subfield code="a">Zum Scharpffenberg, Barbara Elisabetha</subfield>
      <subfield code="d">1614-1649</subfield>
      <subfield code="9">v:4ELRAKm</subfield>
    </datafield>
    <datafield tag="400" ind1="1" ind2=" ">
      <subfield code="a">Zum Scharpffenberg, Barbara Elisabetha von Utterodt</subfield>
      <subfield code="d">1614-1649</subfield>
      <subfield code="9">v:4ELRAKm</subfield>
    </datafield>
    <datafield tag="400" ind1="1" ind2=" ">
      <subfield code="a">Eschwiege, Barbara Elisabetha &#152;von&#156;</subfield>
      <subfield code="d">1614-1649</subfield>
    </datafield>
    <datafield tag="400" ind1="1" ind2=" ">
      <subfield code="a">Ütterodt zu Scharffenberg, Barbara Elisabeth</subfield>
      <subfield code="d">1614-1649</subfield>
    </datafield>
    <datafield tag="400" ind1="1" ind2=" ">
      <subfield code="a">Eschwiege, Barbara Elisabeth &#152;von&#156;</subfield>
      <subfield code="d">1614-1649</subfield>
    </datafield>
    <datafield tag="400" ind1="1" ind2=" ">
      <subfield code="a">Scharffenberg, Barbara Elisabetha Ütterodt &#152;zu&#156;</subfield>
      <subfield code="d">1614-1649</subfield>
    </datafield>
    <datafield tag="400" ind1="1" ind2=" ">
      <subfield code="a">Scharffenberg, Barbara Elisabeth Ütterodt &#152;zu&#156;</subfield>
      <subfield code="d">1614-1649</subfield>
    </datafield>
    <datafield tag="400" ind1="1" ind2=" ">
      <subfield code="a">Ütterodt, Barbara Elisabeth &#152;von&#156;</subfield>
      <subfield code="d">1614-1649</subfield>
    </datafield>
    <datafield tag="400" ind1="1" ind2=" ">
      <subfield code="a">Uetterodt, Barbara Elisabeth &#152;von&#156;</subfield>
      <subfield code="d">1614-1649</subfield>
    </datafield>
    <datafield tag="400" ind1="1" ind2=" ">
      <subfield code="a">Utterodt, Barbara Elisabeth &#152;von&#156;</subfield>
      <subfield code="d">1614-1649</subfield>
    </datafield>
    <datafield tag="400" ind1="1" ind2=" ">
      <subfield code="a">Ütterodt zu Scharffenberg, Barbara Elisabeth &#152;von&#156;</subfield>
      <subfield code="d">1614-1649</subfield>
    </datafield>
    <datafield tag="400" ind1="1" ind2=" ">
      <subfield code="a">Uetterodt zu Scharffenberg, Barbara Elisabeth &#152;von&#156;</subfield>
      <subfield code="d">1614-1649</subfield>
    </datafield>
    <datafield tag="400" ind1="1" ind2=" ">
      <subfield code="a">Utterodt zu Scharffenberg, Barbara Elisabeth &#152;von&#156;</subfield>
      <subfield code="d">1614-1649</subfield>
    </datafield>
    <datafield tag="400" ind1="1" ind2=" ">
      <subfield code="a">Utterodt ZumScharpffenberg, Barbara Elisabetha &#152;von&#156;</subfield>
      <subfield code="d">1614-1649</subfield>
      <subfield code="9">v:RAK alt</subfield>
    </datafield>
    <datafield tag="400" ind1="1" ind2=" ">
      <subfield code="a">ZumScharpffenberg, Barbara Elisabetha</subfield>
      <subfield code="d">1614-1649</subfield>
      <subfield code="9">v:RAK alt</subfield>
    </datafield>
    <datafield tag="400" ind1="1" ind2=" ">
      <subfield code="a">ZumScharpffenberg, Barbara Elisabetha von Utterodt</subfield>
      <subfield code="d">1614-1649</subfield>
      <subfield code="9">v:RAK alt</subfield>
    </datafield>
    <datafield tag="548" ind1=" " ind2=" ">
      <subfield code="a">1614-1649</subfield>
      <subfield code="4">datl</subfield>
      <subfield code="4">https://d-nb.info/standards/elementset/gnd#dateOfBirthAndDeath</subfield>
      <subfield code="w">r</subfield>
      <subfield code="i">Lebensdaten</subfield>
    </datafield>
    <datafield tag="667" ind1=" " ind2=" ">
      <subfield code="a">VD-17</subfield>
    </datafield>
    <datafield tag="672" ind1=" " ind2="0">
      <subfield code="a">Hoffrock, Henricus: Eine Christliche Trawr- und Leichpredigt ... - 1650</subfield>
    </datafield>
    <datafield tag="913" ind1=" " ind2=" ">
      <subfield code="S">pnd</subfield>
      <subfield code="i">a</subfield>
      <subfield code="a">Ütterodt zu Scharffenberg, Barbara Elisabetha</subfield>
      <subfield code="0">(DE-588a)115465669</subfield>
    </datafield>
  </record>
